@online{potel_mvp,
  author = {Potel Mike},
  organizazation = {Taligent Inc.},
  title = {{MVP: Model-View-Presenter The Taligent Programming Model for C++ and Java}},
  url = {https://www.wildcrest.com/Potel/Portfolio/mvp.pdf},
  urldate = {2023-04-04},
  year = {1996}
}
