@thesis{bt-malec,
  author = {Ing. Oldřich Malec},
  title = {Project and infrastracture management of BI-DBS teaching portal},
  publisher = {Bachelor thesis. Czech Technical University in Prague, Faculty of Information Technology},
  year = {2017},
}

@thesis{mt-malec,
  author = {Ing. Oldřich Malec},
  title = {Storage system frontend},
  publisher = {Master thesis. Czech Technical University in Prague, Faculty of Information Technology},
  year = {2020},
}

@thesis{mt-plyskach,
  author = {Ing. Andrii Plyskach},
  title = {Modernization and Migration of DBS portal},
  publisher = {Master thesis. Czech Technical University in Prague, Faculty of Information Technology},
  year = {2023},
}

@online{architecture-haris,
  author = {Chandler Harris},
  organizazation = {Taligent Inc.},
  title = {Microservices vs. monolithic architecture},
  url = {https://www.atlassian.com/microservices/microservices-architecture/microservices-vs-monolith},
  urldate = {2023-04-08},
  year = {1996}
}

@online{mvp-potel,
  author = {Potel Mike},
  organizazation = {Taligent Inc.},
  title = {MVP: Model-View-Presenter The Taligent Programming Model for C++ and Java},
  url = {https://www.wildcrest.com/Potel/Portfolio/mvp.pdf},
  urldate = {2023-04-04},
  year = {1996}
}

@online{php-doc,
  title = {What is PHP?},
  url = {https://www.php.net/manual/en/intro-whatis.php},
  urldate = {2023-04-05},
  year = {2023}
}

@online{doctrine-doc,
  title = {Doctrine},
  url = {https://github.com/doctrine/orm},
  urldate = {2023-04-05},
  year = {2022}
}

@online{latte-doc,
  title = {Latte},
  url = {https://latte.nette.org/en/},
  urldate = {2023-04-07},
  year = {2023}
}

@online{nette-doc,
  title = {Nette},
  url = {https://nette.org/en/},
  urldate = {2023-04-05},
  year = {2023}
}

@online{webpack-doc,
  title = {Webpack concepts},
  url = {https://webpack.js.org/concepts/},
  urldate = {2023-04-06},
  year = {2023}
}

@online{html-doc,
  title = {HTML: HyperText Markup Language},
  url = {https://developer.mozilla.org/en-US/docs/Web/HTML},
  urldate = {2023-04-06},
  year = {2023}
}

@online{adminlte-doc,
  title = {AdminLTE},
  url = {https://github.com/ColorlibHQ/AdminLTE},
  urldate = {2023-04-08},
  year = {2022}
}

@online{vue2-doc,
  title = {The Progressive JavaScript Framework. Vue 2},
  url = {https://v2.vuejs.org/},
  urldate = {2023-04-07},
  year = {2023}
}

@online{apivue-dzakelsek,
  author = {Haidi Zakelšek},
  title = {Options API vs. Composition API},
  url = {https://medium.com/codex/options-api-vs-composition-api-4a745fb8610},
  urldate = {2023-04-08},
  year = {2022}
}

@online{js-doc,
  title = {JavaScript},
  url = {https://en.wikipedia.org/wiki/JavaScript},
  urldate = {2023-04-08},
  year = {2023}
}

@online{php-oop,
  title = {PHP OOP - Object-Oriented Programming in PHP},
  url = {https://www.phptutorial.net/php-oop/},
  urldate = {2023-04-08},
  year = {2022}
}

@online{symphony-doc,
  title = {What is Symfony},
  url = {https://symfony.com/what-is-symfony},
  urldate = {2023-04-06},
  year = {2023}
}

@online{vue3-updates,
  title = {What’s new in Vue 3 — a roundup},
  url = {https://medium.com/front-end-weekly/whats-new-with-vue3-5b6562d3898b},
  urldate = {2023-04-08},
  year = {2023}
}

@online{compositionapi-doc,
  title = {Composition API FAQ | Vue.js},
  url = {https://vuejs.org/guide/extras/composition-api-faq.html},
  urldate = {2023-04-08},
  year = {2023}
}

@online{quasar-doc,
  title = {Why Quasar?},
  url = {https://quasar.dev/introduction-to-quasar},
  urldate = {2023-04-08},
  year = {2015}
}

@online{vite-doc,
  title = {Why Vite},
  url = {https://vitejs.dev/guide/why.html},
  urldate = {2023-04-08},
  year = {2023}
}

@online{typescript-doc,
  title = {TypeScript is JavaScript with syntax for types.},
  url = {https://www.typescriptlang.org},
  urldate = {2023-04-08},
  year = {2023}
}

@online{pinia-wiki,
  title = {Pinia},
  url = {https://en.wikipedia.org/wiki/Pinia},
  urldate = {2023-04-09},
  year = {2023}
}

@online{router-doc,
  title = {The official Router for Vue.js},
  url = {https://router.vuejs.org},
  urldate = {2023-04-09},
  year = {2023}
}

@online{devops-atl,
  title = {What Is DevOps?},
  url = {https://www.atlassian.com/devops},
  urldate = {2023-04-11},
  year = {2023}
}

@online{devops-wiki,
  title = {DEvOps},
  url = {https://en.wikipedia.org/wiki/DevOps},
  urldate = {2023-04-11},
  year = {2023}
}


@online{devops-micr,
  title = {Microservices and DevOps: Better together},
  url = {https://www.mulesoft.com/resources/api/microservices-devops-better-together},
  urldate = {2023-04-15},
  year = {2023}
}

@online{devops-conc1,
  title = {6 Principles of DevOps – DevOps Agile Skills Association (DASA)},
  url = {https://www.devopsagileskills.org/dasa-devops-principles},
  urldate = {2023-04-12},
  year = {2023}
}

@online{devops-conc2,
  autor = {Stephen Roddewig},
  title = {7 Principles of DevOps for Successful Development Teams},
  url = {https://blog.hubspot.com/website/devops-principles},
  urldate = {2023-04-15},
  year = {2021}
}

@online{devops-principles,
  autor = {Ihor Pavlenko},
  title = {DevOps: Principles, Practices, and DevOps Engineer Role},
  url = {https://www.altexsoft.com/blog/engineering/devops-principles-practices-and-devops-engineer-role/},
  urldate = {2023-04-15},
  year = {2021}
}

@online{devops-adoption,
  autor = {Sudeep Srivastava},
  title = {DevOps: Principles, Practices, and DevOps Engineer Role},
  url = {https://appinventiv.com/blog/devops-adoption-and-implementation/},
  urldate = {2023-04-16},
  year = {2023}
}

@online{oauth,
  title = {OAuth 2.0 - OAuth},
  url = {hhttps://oauth.net/2/},
  urldate = {2023-04-23},
  year = {2023}
}

@online{kosapi,
  title = {Course - KOSapi},
  url = {https://kosapi.fit.cvut.cz/projects/kosapi/wiki/Course},
  urldate = {2023-04-25},
  year = {2015}
}

@online{usermapapi,
  title = {Usermap API},
  url = {https://rozvoj.fit.cvut.cz/Main/usermap-api},
  urldate = {2023-04-25},
  year = {2015}
}


@thesis{mt-hasek,
  author = {Bc. Radoslav Hašek},
  title = {dbs.fit.cvut.cz – tests},
  publisher = {Master thesis. Czech Technical University in Prague, Faculty of Information Technology},
  year = {2023},
}

@online{role-auth,
  title = {Role-Based Access Control},
  url = {https://auth0.com/docs/manage-users/access-control/rbac},
  urldate = {2023-05-02},
  year = {2023},
}

@online{auth-def,
  title = {Authentication vs. authorization},
  url = {https://auth0.com/docs/get-started/identity-fundamentals/authentication-and-authorization},
  urldate = {2023-05-02},
  year = {2023},
}

@online{pinia-docs,
  title = {Introduction | Pinia},
  url = {https://pinia.vuejs.org/introduction.html},
  urldate = {2023-05-02},
  year = {2023},
}

@online{vue-docs,
  title = {The Progressive JavaScript Framework},
  url = {https://vuejs.org},
  urldate = {2023-05-02},
  year = {2023},
}

@online{axios-docs,
  title = {Promise based HTTP client for the browser and node.js},
  url = {https://github.com/axios/axios},
  urldate = {2023-05-02},
  year = {2023},
}

@online{access-token,
  title = {Access Tokens},
  url = {https://auth0.com/docs/secure/tokens/access-tokens},
  urldate = {2023-05-02},
  year = {2023},
}

@online{refresh-token,
  title = {Refresh Tokens},
  url = {https://auth0.com/docs/secure/tokens/refresh-tokens},
  urldate = {2023-05-02},
  year = {2023},
}

@online{jwt-token,
  title = {JSON Web Tokens - jwt.io},
  url = {https://jwt.io},
  urldate = {2023-05-02},
  year = {2023},
}

@online{auth-server,
  title = {OAuth 2.0},
  url = {https://rozvoj.fit.cvut.cz/Main/oauth2},
  urldate = {2023-05-02},
  year = {2017},
}

@online{app-manager,
  title = {APPS MANAGER BETA},
  url = {https://auth.fit.cvut.cz/manager/app-types.xhtml},
  urldate = {2023-05-02},
  year = {2014},
}

@online{attacks,
  title = {XSS vs CSRF | Web Security Academy},
  url = {https://portswigger.net/web-security/csrf/xss-vs-csrf},
  urldate = {2023-05-02},
  year = {2023},
}

@online{cookies-flags,
  title = {Cookie Security Flags},
  url = {https://www.invicti.com/learn/cookie-security-flags/},
  urldate = {2023-05-02},
  year = {2023},
}

@online{ls-vs-cookies,
  title = {LocalStorage vs Cookies: All You Need To Know About Storing JWT Tokens Securely in The Front-End},
  url = {https://dev.to/cotter/localstorage-vs-cookies-all-you-need-to-know-about-storing-jwt-tokens-securely-in-the-front-end-15id},
  urldate = {2023-05-02},
  year = {2020},
}

@online{ls-vs-cookies-2,
  title = {Local Storage Versus Cookies: Which to Use to Securely Store Session Tokens},
  url = {https://www.pivotpointsecurity.com/local-storage-versus-cookies-which-to-use-to-securely-store-session-tokens/},
  urldate = {2023-05-02},
  year = {2023},
}

@online{owasp,
  title = {OWASP Foundation},
  url = {https://owasp.org},
  urldate = {2023-05-02},
}

@online{http-cors,
  title = {Cross-Origin Resource Sharing (CORS)},
  url = {https://developer.mozilla.org/en-US/docs/Web/HTTP/CORS},
  urldate = {2023-05-02},
  year = {2023},
}

@online{http-auth,
  title = {HTTP authentication},
  url = {https://developer.mozilla.org/en-US/docs/Web/HTTP/Authentication},
  urldate = {2023-05-02},
  year = {2023},
}

@online{http-request,
  title = {requests - IBM Documentation},
  url = {https://www.ibm.com/docs/en/cics-ts/5.3?topic=protocol-http-requests},
  urldate = {2023-05-02},
  year = {2021},
}

@online{storages,
  title = {Local Storage vs Session Storage vs Cookie},
  url = {https://www.xenonstack.com/insights/local-vs-session-storage-vs-cookie},
  urldate = {2023-05-02},
  year = {2022},
}